@book{esa,
	author  = "ESA",
	title   = "ESA Software Engineering Standards",
	year    = "1995",
	month   = "March"
}

@misc{esa-coding-style,
	author = "{ESA \cite{esa}}",
	title = "{ESA} Coding Standard",
	howpublished = "\url{http://web.cecs.pdx.edu/~mperkows/CLASS_VHDL_99/545_14-ESA-coding-standards.pdf}",
	year = {2001},
	month = "August",
	day = {5},
	note = "[Online; accessed 24-April-2013]"
}

@misc{oracle-java-coding-style,
	author = "{Oracle}",
	title = "Oracle Java Coding Standard",
	howpublished = "\url{http://www.oracle.com/technetwork/java/codeconventions-150003.pdf}",
	year = {1997},
	month = "September",
	day = {12},
	note = "[Online; accessed 24-April-2013]"
}

@article{spmp,
    author  = "GROUPNAME",
    title   = "Software Project Management Plan"
}

@article{sqap,
	author 	= "GROUPNAME",
	title	= "Software Quality Assurance Plan"
}

@article{scmp,
	author 	= "GROUPNAME",
	title	= "Software Configuration Management Plan"
}

@article{svvp,
	author 	= "GROUPNAME",
	title 	= "Software Validation and Verification Plan"
}

@article{atp,
	author 	= "GROUPNAME",
	title 	= "Advanced Test Plan"
}

@article{utp,
	author 	= "GROUPNAME",
	title 	= "Unit Test Plan"
}

@article{itp,
	author 	= "GROUPNAME",
	title 	= "Integration Test Plan"
}

@article{ddd,
	author 	= "GROUPNAME",
	title 	= "Detailed Design Document"
}

@article{urd,
	author 	= "GROUPNAME",
	title 	= "User Requirements Document"
}

@article{backlog,
	author 	= "GROUPNAME",
	title 	= "Product Backlog"
}

@article{srd,
	author 	= "GROUPNAME",
	title 	= "Software Requirements Document"
}

@article{add,
	author 	= "GROUPNAME",
	title 	= "Advanced Design Document"
}

@article{stp,
	author 	= "GROUPNAME",
	title 	= "System Test Plan"
}

@article{std,
	author 	= "GROUPNAME",
	title 	= "Software Transfer Document"
}

@article{sum,
	author 	= "GROUPNAME",
	title	= "Software User Manual"
}

@misc{moscow,
	author = "{COLEY consulting}",
	title = "MoSCoW Prioritisation",
	howpublished = "\url{http://www.coleyconsulting.co.uk/moscow.htm}",
	note = "[Online; accessed 24-April-2013]"
}